@book{zhaoliu,
  title={统计热物理学},
  author={赵柳},
  publisher={科学出版社},
  year={2019},
}
@article{sunqian,
  title={晶体光折变全息存储实验},
  author={孙骞},
  journal={物理实验},
  number={04},
  pages={34},
  year={2017},
}
@article{chenjing,
  title={利用研究型实验培养学生能力的探索和实践——以"晶体光折变效应与光存储"实验为例},
  author={陈靖 and 陈宗强 and 钱钧 and 孙骞},
  journal={物理实验},
  volume={37},
  number={4},
  pages={5},
  year={2017},
}
@article{wuqiang,
  title={国内短期访学对本科生培养的重要性——以南开大学物理"伯苓班"为例},
  author={吴强 and 曹学伟 and 刘智波 and 余华 and 李川勇 and 刘玉斌 and 孙骞},
  journal={物理与工程},
  number={1},
  pages={3},
  year={2015},
}
@article{test,
  title = {Micromechanical Origin of Plasticity and Hysteresis in Nestlike Packings},
  author = {Bhosale, Yashraj and Weiner, Nicholas and Butler, Alex and Kim, Seung Hyun and Gazzola, Mattia and King, Hunter},
  journal = {Phys. Rev. Lett.},
  volume = {128},
  issue = {19},
  pages = {198003},
  numpages = {5},
  year = {2022},
  month = {May},
  publisher = {American Physical Society}
}
